The following entries are examples.

@misc{Notes:1,
	author = "N Sewdass and N Parbhoo-Ebrahim",
	year = "2018",
	title = "Theme 2: The Intelligence Cycle and Key Intelligence Needs",
	format = "Lecture Notes",
	subject = "Competitive Intelligence INL380",
	university = "University of Pretoria",
	date = "25 July 2018",
}

@book{Book:1,
	author = "Adeline Du-Toit",
	title = "Managing Strategic Intelligence: techniques and technologies",
	publisher = "IGI",
	year = "2007",
}

@misc{Website:1,
	howpublished = {\url{http://www.thecattlesite.com/diseaseinfo/243/footandmouth/}},
	author = "TheCattleSite",
	title = "Foot and Mouth",
	month = "",
	year = "",
	note = "Accessed on 2018-08-08",
}

@misc{Website:2,
	howpublished = {\url{http://www.itac.org.za/pages/services/import--export-control/export-control}},
	author = "ITAC",
	title = "Export Control",
	month = "",
	year = "",
	note = "Accessed on 2018-08-08",
}

@book{Book:2,
	author = "C Chaplin",
	title = "Business Studies Grade 11 Study Guide",
	publisher = "MacMillan Education",
	year = "2012",
}

@misc{Website:3,
	howpublished = {\url{https://cloud.google.com/natural-language/}},
	author = "Google",
	title = "Cloud Natural Language",
	month = "",
	year = "",
	note = "Accessed on 2018-08-08",
}

usage example: \cite{Book:1}