The following entries are examples.

@misc{Notes:1,
	author = "N Sewdass and N Parbhoo-Ebrahim",
	year = "2018",
	title = "Theme 2: The Intelligence Cycle and Key Intelligence Needs",
	format = "Lecture Notes",
	subject = "Competitive Intelligence INL380",
	university = "University of Pretoria",
	date = "25 July 2018",
}

usage example: \cite{Book:1}

References for Botic SRS

@misc{Website:1,
	howpublished={\url{https://auth0.com/docs/architecture-scenarios/spa-api/part-1}},
	author={Auth0},
	title={Architecture Scenarios},
	month={},
	year={},
	note={Accessed on 2019-05-22},
}

@misc{Website:2,
	howpublished={\url{https://rclayton.silvrback.com/speaking-intelligently-about-java-vs-node-performance}},
	author={Richard Clayton},
	title={Speaking Intelligently about "Java vs Node" Performance"},
	month={March},
	year={2016},
	note={Accessed on 2019-05-23},
}

@misc{Website:3,
	howpublished={\url{https://developers.google.com/web/updates/2017/04/headless-chrome}},
	author={Eric Bidelman},
	title={Getting Started with Headless Chrome},
	month={May},
	year={2019},
	note={Accessed on 2019-05-24},
}

@misc{Legislature:1,
	howpublished = {\url{http://www.justice.gov.za/inforeg/docs/InfoRegSA-POPIA-act2013-004.pdf}},
	author = {{Information Regulator of SA}},
	title = "Protection of Personal Information Act",
	month = "",
	year = "2013",
	note = "Accessed on 2019-05-21",
}

@article{Standard:1,
	author={{IEEE}},
	journal={IEEE Std. 830-1998},
	title={IEEE Recommended Practice for Software Requirements Specifications},
	year={1998},
	note={Accessed on 2019-05-22},	
}

@book{Book:1,
	author="David C. Kung",
	title="Object-Oriented Software Engineering An Agile Unified Methodology",
	publisher="McGraw-Hill",
	year="2014",
}